<?xml version="1.0" encoding="UTF-8"?><collection xmlns="http://www.loc.gov/MARC21/slim"><record><leader>00688nam--2200205-i-4500</leader><controlfield tag="001">000030057</controlfield><controlfield tag="002">20161230</controlfield><controlfield tag="005">20161230201038</controlfield><controlfield tag="008">060222s1000------------r-----000-0-eng-d</controlfield><datafield ind1=" " ind2=" " tag="020"><subfield code="a">3540150684</subfield></datafield><datafield ind1=" " ind2=" " tag="040"><subfield code="a">IFIN-HH</subfield></datafield><datafield ind1=" " ind2=" " tag="080"><subfield code="a">535.14(061.3)</subfield></datafield><datafield ind1="1" ind2=" " tag="100"><subfield code="a">Lambroupoulos, P./S.A.</subfield></datafield><datafield ind1="1" ind2="0" tag="245"><subfield code="a">Multiphoton processes</subfield><subfield code="b">Proceedings of the 3rd international conferemce, iraklion, crete greece september 5-12, 1984. with 101 figures</subfield><subfield code="c">P. lambroupoulos, s.j. smith (eds.)</subfield></datafield><datafield ind1=" " ind2=" " tag="260"><subfield code="a">Berlin</subfield><subfield code="b">Springer -verlag</subfield><subfield code="c">1984</subfield></datafield><datafield ind1=" " ind2=" " tag="300"><subfield code="a">VII + 201P</subfield></datafield><datafield ind1=" " ind2=" " tag="490"><subfield code="a">Springer Series On Atoms + Plasmas</subfield><subfield code="v">Vol. 2</subfield></datafield><datafield ind1="1" ind2=" " tag="700"><subfield code="a">Smith, S.J</subfield><subfield code="e">Ed</subfield></datafield><datafield ind1=" " ind2=" " tag="852"><subfield code="a">73861</subfield><subfield code="c">539.18</subfield></datafield><datafield ind1=" " ind2=" " tag="CAT"><subfield code="a">Sys</subfield><subfield code="c">20120712</subfield><subfield code="h">103753</subfield></datafield></record></collection>